% This file was created with JabRef 2.3.1.
% Encoding: UTF8

@ARTICLE{Abramoff2004,
  author = {MD Abramoff and PJ Magelhaes and SJ Ram},
  title = {Image processing with ImageJ},
  journal = {Biophotonics Int},
  year = {2004},
  volume = {11},
  pages = {36-42}
}

