% This file was created with JabRef 2.3.1.
% Encoding: UTF8

@ARTICLE{Abramoff2004,
  author = {MD Abramoff and PJ Magelhaes and SJ Ram},
  title = {Image processing with ImageJ},
  journal = {Biophotonics Int},
  year = {2004},
  volume = {11},
  pages = {36-42}
}

@ARTICLE{jonsson05,
  author = {H Jönsson, M Heisler, GV Reddy, V Agrawal, V Gor, BE Shapiro, E Mjolsness, and EM Meyerowitz},
  title = {Modeling the organization of the WUSCHEL expression domain in the
shoot apical meristem},
  journal = {Bioinformatics},
  year = {2005},
  volume = {21},
  pages = {i232-i240}
}

@ARTICLE{jonsson06,
  author = {H Jönsson, MG Heisler,BE Shapiro, EM Meyerowitz, and E Mjolsness},
  title = {An auxin-driven polarized transport model for phyllotaxis},
  journal = {PNAS},
  year = {2006},
  volume = {103},
  pages = {1633-1638}
}

